<?xml version="1.0" encoding="UTF-8"?>
<collection xmlns:xsi="http://www.w3.org/2001/XMLSchema-instance" xsi:schemaLocation="http://www.loc.gov/MARC21/slim http://www.loc.gov/standards/marcxml/schema/MARC21slim.xsd" xmlns="http://www.loc.gov/MARC21/slim">
<record>
  <leader>00787cam a22002291  4500</leader>
  <controlfield tag="001">3071682</controlfield>
  <controlfield tag="003">NNC</controlfield>
  <controlfield tag="005">20130520200855.0</controlfield>
  <controlfield tag="008">010822s1903    su            000 0 ara d</controlfield>
  <datafield tag="035" ind1=" " ind2=" ">
    <subfield code="a">(OCoLC)ocm47822333</subfield>
  </datafield>
  <datafield tag="035" ind1=" " ind2=" ">
    <subfield code="9">ATP4686CU</subfield>
  </datafield>
  <datafield tag="035" ind1=" " ind2=" ">
    <subfield code="a">(NNC)3071682</subfield>
  </datafield>
  <datafield tag="035" ind1=" " ind2=" ">
    <subfield code="a">3071682</subfield>
  </datafield>
  <datafield tag="040" ind1=" " ind2=" ">
    <subfield code="a">ZCU</subfield>
    <subfield code="c">ZCU</subfield>
  </datafield>
  <datafield tag="099" ind1=" " ind2=" ">
    <subfield code="a">893.7Ib5151</subfield>
    <subfield code="a">S4</subfield>
  </datafield>
  <datafield tag="100" ind1="1" ind2=" ">
    <subfield code="a">Ibn Qayyim al-Jawzīyah, Muḥammad ibn Abī Bakr,</subfield>
    <subfield code="d">1292-1350.</subfield>
  </datafield>
  <datafield tag="240" ind1="1" ind2="0">
    <subfield code="a">Aqsām al-Qurʼān</subfield>
  </datafield>
  <datafield tag="245" ind1="1" ind2="0">
    <subfield code="a">Kitāb Aqsām al-Qurʾān,</subfield>
    <subfield code="b">al-musammā bi al-Tibyān, lil-ʻallāmah al-ḥāfiẓ Shams-al-Dīn Abī ʻAbd-Allāh al-Dimashqī al-Ḥanbalī al-maʻrūf bi Ibn al-Qayyim.</subfield>
  </datafield>
  <datafield tag="260" ind1=" " ind2=" ">
    <subfield code="a">Makkah,</subfield>
    <subfield code="b">al-Maṭbaʻah al-Mīrīyah,</subfield>
    <subfield code="c">1321 h. [1903]</subfield>
  </datafield>
  <datafield tag="300" ind1=" " ind2=" ">
    <subfield code="a">157, 3 p.</subfield>
  </datafield>
  <datafield tag="630" ind1="0" ind2="0">
    <subfield code="a">Qurʼan.</subfield>
  </datafield>
  <datafield tag="955" ind1=" " ind2=" ">
    <subfield code="b">CU58873937</subfield>
    <subfield code="d">off,glx</subfield>
    <subfield code="e">893.7Ib5151 S4</subfield>
  </datafield>
</record>
</collection>